@article{mohan1994simulation,
  title={Simulation of power electronic and motion control systems-an overview},
  author={Mohan, Ned and Robbins, William P and Undeland, Tore M and Nilssen, Robert and Mo, Olve},
  journal={Proceedings of the IEEE},
  volume={82},
  number={8},
  pages={1287--1302},
  year={1994},
  publisher={IEEE}
}

@article{van2015test,
  title={Test systems for voltage stability analysis and security assessment},
  author={Van Cutsem, Thierry and Glavic, Mevludin and Rosehart, William and Andrade dos Santos, Jhonatan and Ca{\~n}izares, Claudio and Kanatas, Marios and Lima, Leonardo and Milano, Federico and Papangelis, Lampros and Andrade Ramos, Rodrigo and others},
  year={2015},
  publisher={IEEE}
}

@article{hatziargyriou2020definition,
  title={Definition and classification of power system stability--revisited \& extended},
  author={Hatziargyriou, Nikos and Milanovic, Jovica and Rahmann, Claudia and Ajjarapu, Venkataramana and Canizares, Claudio and Erlich, Istvan and Hill, David and Hiskens, Ian and Kamwa, Innocent and Pal, Bikash and others},
  journal={IEEE Transactions on Power Systems},
  volume={36},
  number={4},
  pages={3271--3281},
  year={2020},
  publisher={IEEE}
}

@misc{STEPSS,
  author = {},
  title = {Software for STATIC AND TRANSIENT ELECTRIC POWER SYSTEMS SIMULATION},
  howpublished = "\url{https://thierryvancutsem.github.io/home/software.html}",
  note = "[Online; accessed 30 June 2024]"
}

@misc{DYNAWO,
  author = {},
  title = {Dynawo},
  howpublished = "\url{https://dynawo.github.io/}",
  note = "[Online; accessed 30 June 2024]"
}

@misc{EMTP,
  author = {},
  title = {Electromagnetic transients program (EMTP)},
  howpublished = "\url{https://www.emtp.com/products/emtp}",
  note = "[Online; accessed 30 June 2024]"
}

@misc{colib,
  author = {Prof. T. Van Cutsem},
  title = {Four VSC benchmark system, Collaborative Open-Source Dynamic Simulation Library},
  howpublished = "\url{https://colib.net/pages/testCases/converterDrivenStability/4VSCSystem/}",
  note = "[Online; accessed 30 June 2024]"
}

